001  0000271
005  20180718161036.973
008  170720s||||     bl|||||||||||||||||por|u
020    $a9788578434441
040    $aPorto Alegre$bpor
080    $2334.7(81)$a1997
090    $a334.7(81)$bF138
100 1  $aTeixeira, Sabrina Stieler; Gaiger, Luiz Inácio G.; Grupo Ecosol (org.)
245 10 $aAs faces da economia solidária no Brasil$cSabrina Stieler Teixeira, Luiz Inácio G. Gaiger, Grupo Ecosol
260    $aSão Leopoldo$bOikos$c2014
300    $a112 p.
650    $aBrasil
650    $aEconomia solidária
650    $aEmpreendimento
